<record><leader>00000cas a2200000 a 4500</leader><controlfield tag="001">5161145</controlfield><controlfield tag="008">790712c19719999arumr ne      0   a0eng d</controlfield><datafield ind1=" " ind2=" " tag="010"><subfield code="a">sn 85006660 </subfield></datafield><datafield ind1=" " ind2=" " tag="040"><subfield code="a">AFU</subfield><subfield code="b">eng</subfield><subfield code="c">AFU</subfield><subfield code="d">NSD</subfield><subfield code="d">ANU</subfield><subfield code="d">OCL</subfield><subfield code="d">OCLCQ</subfield><subfield code="d">OCLCF</subfield><subfield code="d">OCLCO</subfield></datafield><datafield ind1=" " ind2=" " tag="012"><subfield code="m">1</subfield></datafield><datafield ind1="1" ind2=" " tag="022"><subfield code="a">0884-9145</subfield><subfield code="l">0884-9145</subfield><subfield code="2">1</subfield></datafield><datafield ind1="1" ind2=" " tag="029"><subfield code="a">AU@</subfield><subfield code="b">000025815306</subfield></datafield><datafield ind1=" " ind2=" " tag="032"><subfield code="a">901180</subfield><subfield code="b">USPS</subfield></datafield><datafield ind1=" " ind2=" " tag="037"><subfield code="b">Arkansas Wildlife Federation, 7509 Cantrell Rd., Suite 210, Little Rock, AR 72207</subfield></datafield><datafield ind1=" " ind2=" " tag="042"><subfield code="a">nsdp</subfield></datafield><datafield ind1=" " ind2=" " tag="043"><subfield code="a">n-us-ar</subfield></datafield><datafield ind1="0" ind2=" " tag="130"><subfield code="a">Arkansas outdoors (North Little Rock, Ark.)</subfield></datafield><datafield ind1=" " ind2="0" tag="222"><subfield code="a">Arkansas out-of-doors</subfield></datafield><datafield ind1="0" ind2="0" tag="245"><subfield code="a">Arkansas outdoors.</subfield></datafield><datafield ind1="3" ind2="0" tag="246"><subfield code="a">Arkansas out-of-doors</subfield></datafield><datafield ind1="3" ind2="0" tag="246"><subfield code="a">Arkansas out of doors</subfield></datafield><datafield ind1=" " ind2=" " tag="260"><subfield code="a">North Little Rock, Ark. :</subfield><subfield code="b">Arkansas Wildlife Federation</subfield></datafield><datafield ind1=" " ind2=" " tag="300"><subfield code="a">v. :</subfield><subfield code="b">ill.</subfield></datafield><datafield ind1=" " ind2=" " tag="310"><subfield code="a">Monthly,</subfield><subfield code="b">July, 1971-</subfield></datafield><datafield ind1=" " ind2=" " tag="321"><subfield code="a">Bimonthly,</subfield><subfield code="b">Feb. 1971</subfield></datafield><datafield ind1="0" ind2=" " tag="362"><subfield code="a">Vol. 1, No. 1 (Feb. 1971)-</subfield></datafield><datafield ind1=" " ind2=" " tag="500"><subfield code="a">Published as: Arkansas out-of-doors, July, 1971-</subfield></datafield><datafield ind1=" " ind2=" " tag="500"><subfield code="a">Published at Dardanelle, Ark., July 1971-</subfield></datafield><datafield ind1=" " ind2=" " tag="500"><subfield code="a">Official publication of the Arkansas Wildlife Federation.</subfield></datafield><datafield ind1=" " ind2="0" tag="650"><subfield code="a">Hunting</subfield><subfield code="z">Arkansas</subfield><subfield code="v">Newspapers.</subfield></datafield><datafield ind1=" " ind2="0" tag="650"><subfield code="a">Fishing</subfield><subfield code="z">Arkansas</subfield><subfield code="v">Newspapers.</subfield></datafield><datafield ind1=" " ind2="0" tag="650"><subfield code="a">Outdoor life</subfield><subfield code="z">Arkansas</subfield><subfield code="v">Newspapers.</subfield></datafield><datafield ind1=" " ind2="7" tag="655"><subfield code="a">Newspapers.</subfield><subfield code="2">fast</subfield><subfield code="0">(OCoLC)fst01423814</subfield></datafield><datafield ind1=" " ind2="7" tag="650"><subfield code="a">Fishing.</subfield><subfield code="2">fast</subfield><subfield code="0">(OCoLC)fst00926650</subfield></datafield><datafield ind1=" " ind2="7" tag="650"><subfield code="a">Hunting.</subfield><subfield code="2">fast</subfield><subfield code="0">(OCoLC)fst00964162</subfield></datafield><datafield ind1=" " ind2="7" tag="650"><subfield code="a">Outdoor life.</subfield><subfield code="2">fast</subfield><subfield code="0">(OCoLC)fst01049140</subfield></datafield><datafield ind1=" " ind2="7" tag="651"><subfield code="a">Arkansas.</subfield><subfield code="2">fast</subfield><subfield code="0">(OCoLC)fst01204809</subfield></datafield><datafield ind1="2" ind2=" " tag="710"><subfield code="a">Arkansas Wildlife Federation.</subfield></datafield><datafield ind1=" " ind2=" " tag="752"><subfield code="a">United States</subfield><subfield code="b">Arkansas</subfield><subfield code="c">Yell</subfield><subfield code="d">Dardanelle.</subfield></datafield><datafield ind1=" " ind2=" " tag="752"><subfield code="a">United States</subfield><subfield code="b">Arkansas</subfield><subfield code="c">Pulaski</subfield><subfield code="d">North Little Rock.</subfield></datafield><datafield ind1=" " ind2=" " tag="936"><subfield code="a">Vol. 14, no. 8 ; Aug. 1985</subfield></datafield></record>